@misc{kol2022devicetrackinglinuxsnew,
  title = {Device Tracking via Linux's New {{TCP}} Source Port Selection Algorithm (Extended Version)},
  author = {Kol, Moshe and Klein, Amit and Gilad, Yossi},
  date = {2022},
  eprint = {2209.12993},
  eprinttype = {arXiv},
  eprintclass = {cs.CR},
  url = {https://arxiv.org/abs/2209.12993}
}
